@book{2007,
  doi = {10.1007/978-1-4020-5953-7},
  url = {https://doi.org/10.1007/978-1-4020-5953-7},
  year = {2007},
  publisher = {Springer Netherlands},
  title = {Modeling with It{\^{o}} Stochastic Differential Equations}
}

@article{Platen1999,
  doi = {10.1017/s0962492900002920},
  url = {https://doi.org/10.1017/s0962492900002920},
  year = {1999},
  month = jan,
  publisher = {Cambridge University Press ({CUP})},
  volume = {8},
  pages = {197--246},
  author = {Eckhard Platen},
  title = {An introduction to numerical methods for stochastic differential equations},
  journal = {Acta Numerica}
}

@misc{Numerica85:online,
author = {},
title = {Numerical SDE Simulation - {E}uler vs {M}ilstein Methods},
howpublished = {\url{https://hautahi.com/sde_simulation}},
month = {},
year = {},
note = {(Accessed on 06/08/2020)}
}

@misc{compfinl86:online,
author = {},
title = {Lecture Notes on SDE},
howpublished = {\url{https://www.math.nyu.edu/~cai/Courses/Derivatives/compfin_lecture_5.pdf}},
month = {},
year = {},
note = {(Accessed on 06/08/2020)}
}

@book{vomScheidt1989,
  doi = {10.1002/zamm.19890690808},
  url = {https://doi.org/10.1002/zamm.19890690808},
  year = {1989},
  publisher = {Wiley},
  volume = {69},
  number = {8},
  pages = {258--258},
  author = {Gard, T.C.},
  title = {{I}ntroduction to Stochastic Differential Equations.}
}
@article{Higham2001,
  doi = {10.1137/s0036144500378302},
  url = {https://doi.org/10.1137/s0036144500378302},
  year = {2001},
  month = jan,
  publisher = {Society for Industrial {\&} Applied Mathematics ({SIAM})},
  volume = {43},
  number = {3},
  pages = {525--546},
  author = {Desmond J. Higham.},
  title = {An Algorithmic Introduction to Numerical Simulation of Stochastic Differential Equations},
  journal = {{SIAM} Review}
}